@misc{Cantrell:200110:misc,
 author = {Cantrell, D. W.},
 title = {{Inverse gamma function}},
 howpublished = {\url{https://web.archive.org/web/20160402104317/http://mathforum.org/kb/message.jspa?messageID=342551}},
 note = {Accessed: 19 apr. 2019},
}